<?xml version="1.0" encoding="UTF-8"?>
<!-- Search-Engine-Total-Number-Of-Results: 16 -->
<collection xmlns="http://www.loc.gov/MARC21/slim">
<record>
  <controlfield tag="001">515990</controlfield>
  <datafield tag="035" ind1=" " ind2=" ">
    <subfield code="a">Achasov:1999db</subfield>
    <subfield code="9">SPIRESTeX</subfield>
  </datafield>
  <datafield tag="245" ind1=" " ind2=" ">
    <subfield code="a">Review of experimental results from SND detector at VEPP-2M</subfield>
  </datafield>
</record>