
<record>
  <controlfield tag="001">502851</controlfield>
  <datafield tag="035" ind1=" " ind2=" ">
    <subfield code="z">D99-10479</subfield>
    <subfield code="9">DESY</subfield>
  </datafield>
  <datafield tag="035" ind1=" " ind2=" ">
    <subfield code="a">Achasov:1999gj</subfield>
    <subfield code="9">SPIRESTeX</subfield>
  </datafield>
  <datafield tag="245" ind1=" " ind2=" ">
    <subfield code="a">Observation of the decays Phi --&gt; pi0 pi0 gamma and Phi --&gt; pi0 eta gamma in the SND experiment at VEPP-2M</subfield>
  </datafield>
</record>