
<record>
  <controlfield tag="001">515059</controlfield>
  <datafield tag="035" ind1=" " ind2=" ">
    <subfield code="z">D01-07129</subfield>
    <subfield code="9">DESY</subfield>
  </datafield>
  <datafield tag="035" ind1=" " ind2=" ">
    <subfield code="a">Aulchenko:1999df</subfield>
    <subfield code="9">SPIRESTeX</subfield>
  </datafield>
  <datafield tag="035" ind1=" " ind2=" ">
    <subfield code="9">ADS</subfield>
    <subfield code="a">1999PAN....62.1976A</subfield>
  </datafield>
  <datafield tag="245" ind1=" " ind2=" ">
    <subfield code="a">Survey of experimental results obtained with the SND detector at the VEPP-2M e+ e- collider</subfield>
  </datafield>
</record>