
<record>
  <controlfield tag="001">512896</controlfield>
  <datafield tag="035" ind1=" " ind2=" ">
    <subfield code="a">Achasov:1999kn</subfield>
    <subfield code="9">SPIRESTeX</subfield>
  </datafield>
  <datafield tag="245" ind1=" " ind2=" ">
    <subfield code="a">Recent results from SND experiment at the VEPP-2M e+ e- collider</subfield>
  </datafield>
</record>

</collection>